<record><leader>00000cas a2200000 a 4500</leader><controlfield tag="001">11763440</controlfield><controlfield tag="008">850305d19011908ksuwr ne      0   a0eng d</controlfield><datafield ind1=" " ind2=" " tag="010"><subfield code="a">sn 84030287 </subfield></datafield><datafield ind1=" " ind2=" " tag="040"><subfield code="a">KSH</subfield><subfield code="b">eng</subfield><subfield code="c">KSH</subfield><subfield code="d">NPT</subfield><subfield code="d">OCL</subfield><subfield code="d">OCLCQ</subfield></datafield><datafield ind1=" " ind2=" " tag="042"><subfield code="a">msc</subfield></datafield><datafield ind1="0" ind2="4" tag="245"><subfield code="a">The Madisonian and index and news.</subfield></datafield><datafield ind1=" " ind2=" " tag="260"><subfield code="a">Madison, Kan. :</subfield><subfield code="b">Trask &amp; Gilman,</subfield><subfield code="c">1901-</subfield></datafield><datafield ind1=" " ind2=" " tag="300"><subfield code="a">v. :</subfield><subfield code="b">ill. ;</subfield><subfield code="c">55 cm.</subfield></datafield><datafield ind1=" " ind2=" " tag="310"><subfield code="a">Weekly</subfield></datafield><datafield ind1="0" ind2=" " tag="362"><subfield code="a">Vol. 10, no. 3 (Sept. 20, 1901)-</subfield></datafield><datafield ind1="1" ind2=" " tag="362"><subfield code="a">Ceased with Nov. 27, 1908 issue?</subfield></datafield><datafield ind1=" " ind2=" " tag="752"><subfield code="a">United States</subfield><subfield code="b">Kansas</subfield><subfield code="c">Greenwood</subfield><subfield code="d">Madison.</subfield></datafield><datafield ind1="0" ind2="4" tag="780"><subfield code="t">Madison index</subfield><subfield code="w">(DLC)sn 84030285</subfield></datafield><datafield ind1="0" ind2="4" tag="780"><subfield code="t">Madison news and star</subfield><subfield code="w">(DLC)sn 84030288</subfield></datafield></record>